<collection xmlns="http://www.loc.gov/MARC21/slim">
<record>
  <leader>01240nam0a2200277 i 450 </leader>
  <controlfield tag="001">IT\ICCU\CNCE\077072</controlfield>
  <controlfield tag="005">20111125000000.0</controlfield>
  <datafield tag="012" ind1=" " ind2=" ">
    <subfield code="a">tara loto tado poco (3) 1513 (R)</subfield>
    <subfield code="2">fei</subfield>
  </datafield>
  <datafield tag="100" ind1=" " ind2=" ">
    <subfield code="a">20111124d1513        0itac0103    ba</subfield>
  </datafield>
  <datafield tag="101" ind1=" " ind2=" ">
    <subfield code="a">ITA</subfield>
  </datafield>
  <datafield tag="102" ind1=" " ind2=" ">
    <subfield code="a">IT</subfield>
  </datafield>
  <datafield tag="200" ind1="1" ind2=" ">
    <subfield code="a">Poema vulgare de Seraphino Aquilano Sonetti Epistole Stramotti Egloghe Capitoli Barcellette</subfield>
  </datafield>
  <datafield tag="210" ind1=" " ind2=" ">
    <subfield code="e">In Venetia</subfield>
    <subfield code="g">per Simone de Luere</subfield>
    <subfield code="h">adi XXIIII ėnaro 1513</subfield>
  </datafield>
  <datafield tag="215" ind1=" " ind2=" ">
    <subfield code="a">131, \1! c.</subfield>
    <subfield code="d">12ʻ</subfield>
  </datafield>
  <datafield tag="620" ind1=" " ind2=" ">
    <subfield code="a">IT</subfield>
    <subfield code="d">Venezia</subfield>
  </datafield>
  <datafield tag="700" ind1=" " ind2="0">
    <subfield code="a">Serafino</subfield>
    <subfield code="c"> : Aquilano</subfield>
    <subfield code="3">IT\ICCU\CNCA\006567</subfield>
  </datafield>
  <datafield tag="712" ind1="0" ind2="2">
    <subfield code="a">Simone da Lovere</subfield>
    <subfield code="3">IT\ICCU\CNCT\000598</subfield>
    <subfield code="4">650</subfield>
  </datafield>
  <datafield tag="790" ind1=" " ind2="1">
    <subfield code="a">Aquila,</subfield>
    <subfield code="b">Serafino : dell&apos;</subfield>
    <subfield code="3">IT\ICCU\CNCA\007641</subfield>
    <subfield code="z">Serafino : Aquilano</subfield>
  </datafield>
  <datafield tag="790" ind1=" " ind2="1">
    <subfield code="a">Ciminelli,</subfield>
    <subfield code="b">Serafino : de&apos;</subfield>
    <subfield code="3">IT\ICCU\CNCA\008243</subfield>
    <subfield code="z">Serafino : Aquilano</subfield>
  </datafield>
  <datafield tag="790" ind1=" " ind2="0">
    <subfield code="a">Serafino</subfield>
    <subfield code="c"> : da#Aquila</subfield>
    <subfield code="3">IT\ICCU\CNCA\025650</subfield>
    <subfield code="z">Serafino : Aquilano</subfield>
  </datafield>
  <datafield tag="790" ind1=" " ind2="0">
    <subfield code="a">Serafino</subfield>
    <subfield code="c"> : dell&apos;Aquila</subfield>
    <subfield code="3">IT\ICCU\CNCA\025653</subfield>
    <subfield code="z">Serafino : Aquilano</subfield>
  </datafield>
  <datafield tag="791" ind1="0" ind2="0">
    <subfield code="a">Luere, Simon de</subfield>
    <subfield code="3">IT\ICCU\CNCT\003152</subfield>
    <subfield code="z">Simone da Lovere</subfield>
  </datafield>
  <datafield tag="791" ind1="0" ind2="2">
    <subfield code="a">Simon Luerensis</subfield>
    <subfield code="3">IT\ICCU\CNCT\005673</subfield>
    <subfield code="z">Simone da Lovere</subfield>
  </datafield>
  <datafield tag="791" ind1="0" ind2="0">
    <subfield code="a">Lovere, Simone de</subfield>
    <subfield code="3">IT\ICCU\CNCT\005674</subfield>
    <subfield code="z">Simone da Lovere</subfield>
  </datafield>
  <datafield tag="801" ind1=" " ind2="3">
    <subfield code="a">IT</subfield>
    <subfield code="b">ICCU</subfield>
    <subfield code="c">20201115</subfield>
  </datafield>
  <datafield tag="899" ind1=" " ind2=" ">
    <subfield code="a">Biblioteca universitaria. Genova</subfield>
    <subfield code="1">GE0038</subfield>
    <subfield code="2">LIG 01</subfield>
  </datafield>
</record>
</collection>
